@article{Rub2020,
  doi = {10.1002/dac.4515},
  url = {https://doi.org/10.1002/dac.4515},
  year = {2020},
  month = jul,
  publisher = {Wiley},
  volume = {34},
  number = {2},
  author = {Jes{\'{u}}s Noel Su{\'{a}}rez Rub{\'{\i}} and Paulo Roberto Gondim},
  title = {{IoT}-based platform for environment data sharing in smart cities},
  journal = {International Journal of Communication Systems}
}

@online{Top20IoTPlatforms,
  author = {{Santosh Singh}},
  title = {Top 20 IoT Platforms},
  year = {2016},
  month = mar,
  url = {https://internetofthingswiki.com/top-20-iot-platforms/634/},
  urldate = {2022-03-02}
}

@inproceedings{Vresk2016,
  doi = {10.1109/mipro.2016.7522321},
  url = {https://doi.org/10.1109/mipro.2016.7522321},
  year = {2016},
  month = may,
  publisher = {{IEEE}},
  author = {Tomislav Vresk and Igor Cavrak},
  title = {Architecture of an interoperable {IoT} platform based on microservices},
  booktitle = {2016 39th International Convention on Information and Communication Technology,  Electronics and Microelectronics ({MIPRO})}
}

@inproceedings{Guth2016,
  doi = {10.1109/ciot.2016.7872918},
  url = {https://doi.org/10.1109/ciot.2016.7872918},
  year = {2016},
  month = nov,
  publisher = {{IEEE}},
  author = {Jasmin Guth and Uwe Breitenbucher and Michael Falkenthal and Frank Leymann and Lukas Reinfurt},
  title = {Comparison of {IoT} platform architectures: A field study based on a reference architecture},
  booktitle = {2016 Cloudification of the Internet of Things ({CIoT})}
}
